@inproceedings{rakthanmanon2012searching,
  title={Searching and mining trillions of time series subsequences under dynamic time warping},
  author={Rakthanmanon, Thanawin and Campana, Bilson and Mueen, Abdullah and Batista, Gustavo and Westover, Brandon and Zhu, Qiang and Zakaria, Jesin and Keogh, Eamonn},
  booktitle={Proceedings of the 18th ACM SIGKDD international conference on Knowledge discovery and data mining},
  pages={262--270},
  year={2012},
  organization={ACM}
}

@article{papapetrou2011embedding,
  title={Embedding-based subsequence matching in time-series databases},
  author={Papapetrou, Panagiotis and Athitsos, Vassilis and Potamias, Michalis and Kollios, George and Gunopulos, Dimitrios},
  journal={ACM Transactions on Database Systems (TODS)},
  volume={36},
  number={3},
  pages={17},
  year={2011},
  publisher={ACM}
}

@article{sakoe1978dynamic,
  title={Dynamic programming algorithm optimization for spoken word recognition},
  author={Sakoe, Hiroaki and Chiba, Seibi},
  journal={Acoustics, Speech and Signal Processing, IEEE Transactions on},
  volume={26},
  number={1},
  pages={43--49},
  year={1978},
  publisher={IEEE}
}

